@misc{EX69,
  title  = {15-854: Approximations Algorithms},
  author = {Anupam Gupta},
  year   = {2014},
  note   = {https://www.cs.cmu.edu/afs/cs/academic/class/15854-f05/www/scribe/lec02.pdf. Accessed: 2024-11-28}
}